<marc:record xmlns:marc="http://www.loc.gov/MARC21/slim" xmlns:xsi="http://www.w3.org/2001/XMLSchema-instance" xsi:schemaLocation="http://www.loc.gov/MARC21/slim http://www.loc.gov/standards/marcxml/schema/MARC21slim.xsd">
<marc:leader>00515nrm a2200193 a 45 0</marc:leader>
<marc:controlfield tag="001">1036226</marc:controlfield>
<marc:controlfield tag="003">NL-AMISG</marc:controlfield>
<marc:controlfield tag="005">19991130145043.0</marc:controlfield>
<marc:controlfield tag="008">199911suuuuuuuu||||||||||||||||||||||| d</marc:controlfield>
<marc:datafield ind1=" " ind2=" " tag="035">
	<marc:subfield code="a">(IISG)IISGb10841164</marc:subfield>
</marc:datafield>
<marc:datafield ind1=" " ind2=" " tag="040">
	<marc:subfield code="a">NL-AmISG</marc:subfield>
</marc:datafield>
<marc:datafield ind1="1" ind2="0" tag="245">
	<marc:subfield code="k">Visual document.</marc:subfield>
</marc:datafield>
<marc:datafield ind1=" " ind2=" " tag="260">
	<marc:subfield code="c">1931.</marc:subfield>
</marc:datafield>
<marc:datafield ind1=" " ind2=" " tag="300">
	<marc:subfield code="g">Aardewerk.</marc:subfield>
</marc:datafield>
<marc:datafield ind1=" " ind2=" " tag="500">
	<marc:subfield code="a">Schaal met tekst :"Ter herinnering aan Mw. Meijlink 24 feb. 1926-1931".</marc:subfield>
</marc:datafield>
<marc:datafield ind1=" " ind2=" " tag="542">
	<marc:subfield code="m">closed</marc:subfield>
</marc:datafield>
<marc:datafield ind1="1" ind2="4" tag="600">
	<marc:subfield code="a">Meijlink, ...</marc:subfield>
	<marc:subfield code="0">(NL-AMISG)215827</marc:subfield>
</marc:datafield>
<marc:datafield ind1=" " ind2="4" tag="648">
	<marc:subfield code="a">1926-1931.</marc:subfield>
	<marc:subfield code="0">(NL-AMISG)360619</marc:subfield>
</marc:datafield>
<marc:datafield ind1=" " ind2="4" tag="651">
	<marc:subfield code="a">Netherlands.</marc:subfield>
	<marc:subfield code="0">(NL-AMISG)569282</marc:subfield>
</marc:datafield>
<marc:datafield ind1=" " ind2="4" tag="655">
	<marc:subfield code="a">Object.</marc:subfield>
	<marc:subfield code="0">(NL-AMISG)262640</marc:subfield>
</marc:datafield>
<marc:datafield ind1=" " ind2=" " tag="695">
	<marc:subfield code="a">NED</marc:subfield>
	<marc:subfield code="e">Nederland.</marc:subfield>
</marc:datafield>
<marc:datafield ind1="2" ind2=" " tag="710">
	<marc:subfield code="0">(NL-AMISG)1260</marc:subfield>
	<marc:subfield code="a">ABNF</marc:subfield>
</marc:datafield>
<marc:datafield ind1="4" ind2=" " tag="852">
	<marc:subfield code="a">IISG</marc:subfield>
	<marc:subfield code="b">IISG</marc:subfield>
	<marc:subfield code="c">IISG</marc:subfield>
	<marc:subfield code="j">BG K21/941</marc:subfield>
	<marc:subfield code="n">Available</marc:subfield>
	<marc:subfield code="p">10622/30051001354940</marc:subfield>
</marc:datafield>
<marc:datafield ind1=" " ind2=" " tag="901">
	<marc:subfield code="a">1036226</marc:subfield>
	<marc:subfield code="b">Unknown</marc:subfield>
	<marc:subfield code="c">1036226</marc:subfield>
	<marc:subfield code="t">biblio</marc:subfield>
</marc:datafield>
<marc:datafield ind1=" " ind2=" " tag="902">
	<marc:subfield code="a">10622/CD289010-9D8C-4964-9A58-2869C0DF64A8</marc:subfield>
</marc:datafield>
</marc:record>